1696 2930
413 738 684 797 LIBER
733 738 1164 795 DECIMUS.

89 923 191 1002 Ad
220 955 415 1000 actiones
444 953 665 999 violentas
697 951 984 1012 progrediens
1008 952 1283 997 Athenienfia
1307 953 1356 998 in
1386 953 1480 1012 pri-

93 1024 183 1070 mia
203 1024 261 1068 de
283 1035 438 1068 rerum
469 1021 694 1063 sacrarum
730 1021 971 1063 violatione
995 1028 1038 1063 et
1057 1021 1112 1063 de
1134 1022 1415 1065 contumeliia
1433 1022 1481 1066 in

94 1099 324 1155 parentes,
367 1088 643 1146 magistratus
666 1088 740 1131 vel
762 1089 882 1132 cives
903 1088 1029 1130 editis
1051 1090 1249 1146 exponit.
1307 1090 1484 1134 Contu-

93 1163 278 1207 meliore
306 1163 356 1204 iu
385 1158 489 1202 deos
514 1157 668 1200 dicunt
695 1162 741 1199 et
770 1164 912 1213 agunt
940 1155 1145 1201 homines
1177 1158 1255 1216 qui
1282 1158 1387 1203 deo·
1408 1159 1482 1204 vei

94 1228 283 1276 omnino
298 1228 391 1271 non
408 1228 503 1278 effe,
535 1226 606 1268 vel
623 1224 794 1267 nuliam
814 1224 983 1268 habere
999 1222 1304 1271 humanarum
1322 1242 1482 1272 terum

93 1295 489 1361 procurationem,
531 1294 599 1336 vel
621 1292 734 1336 votis
758 1299 803 1335 et
820 1292 1084 1336 muneribus
1108 1294 1274 1351 placari
1294 1297 1481 1354 capique

94 1368 215 1427 poffe
232 1364 496 1408 existimant.
526 1361 739 1420 Quarum
757 1362 1072 1419 perversarum
1092 1361 1358 1420 opinionum
1378 1378 1482 1407 cau-

93 1433 215 1479 saab
237 1431 390 1492 impii·
417 1444 573 1474 eorum
605 1429 685 1486 qui
717 1430 757 1472 se
785 1429 1071 1487 philosophos
1100 1433 1184 1474 ess'e
1213 1430 1481 1489 profitentur

93 1501 341 1563 repetenda
360 1500 420 1544 est
439 1497 746 1543 sermonibusz
782 1512 891 1554 quos
913 1498 1115 1555 quidem,
1146 1499 1290 1543 Clinia
1309 1500 1484 1545 adhor-

96 1577 244 1622 tante,
281 1566 490 1611 refellere
509 1564 695 1608 instituit
721 1563 833 1621 (887
843 1565 876 1619 ).
938 1566 1231 1611 Disseminata
1256 1583 1308 1612 ao
1327 1569 1482 1613 divul-

95 1645 199 1695 gata
229 1636 288 1680 est
314 1635 499 1679 iliorum
528 1633 772 1684 sententia,
810 1633 961 1675 omnia
981 1647 1003 1675 a
1023 1643 1186 1678 natura
1210 1642 1255 1679 et
1276 1638 1379 1682 casn
1397 1641 1480 1682 effe

96 1704 319 1765 prosecta,
349 1712 396 1746 et
415 1710 558 1746 artem
578 1701 888 1758 rationemque
904 1702 1015 1745 nihil
1033 1703 1111 1745 nisi
1127 1704 1358 1748 simulacra
1375 1720 1481 1763 pro-

97 1773 261 1818 duoere
279 1771 467 1829 verique
483 1769 723 1824 imaginem
753 1784 809 1811 ex
825 1784 915 1827 quo
936 1772 1145 1827 sequatur
1163 1772 1266 1815 deos
1286 1773 1393 1817 salso
1416 1790 1478 1818 re-

98 1857 204 1886 rum
225 1848 430 1885 auctores
445 1837 716 1890 existimari3
746 1838 947 1894 itemque
969 1839 1127 1883 iustum
1151 1840 1270 1883 aliud
1289 1845 1372 1886 effe
1394 1858 1478 1886 na-

96 1918 223 1963 tura,
253 1907 372 1952 aliud
393 1908 514 1965 lege;
546 1905 754 1964 quocirca
775 1907 918 1948 varias
936 1909 1018 1950 effe
1039 1922 1120 1965 pro
1137 1908 1319 1952 diver-sia
1335 1910 1478 1955 homi·

99 1992 207 2022 uum
229 1975 400 2020 iudiciis
416 1990 468 2018 ac
484 1973 649 2031 legibus
667 1974 723 2015 de
741 1972 891 2015 divino
911 1982 955 2017 et
971 1975 1079 2017 iusto
1094 1976 1329 2021 sententias
1345 1981 1476 2037 (891).

97 2043 275 2090 Etenim
299 2060 370 2087 res
394 2043 681 2094 inanimatas,
719 2041 864 2098 iguem
877 2074 894 2094 ,
925 2058 1109 2100 aquam,
1146 2045 1296 2088 ain-em
1320 2055 1363 2089 et
1385 2035 1478 2092 tei·-

96 2127 219 2166 ram,
250 2120 293 2155 et
316 2118 419 2155 ante
439 2110 635 2154 animam
658 2109 783 2152 suiss'e
804 2119 847 2151 et
866 2125 947 2167 per
967 2112 1011 2153 se
1028 2116 1111 2156 esse
1132 2114 1336 2168 sumunt,
1369 2131 1477 2174 per-

98 2195 252 2240 peram
280 2179 325 2222 id
353 2178 471 2237 quod
507 2177 653 2219 omnis
681 2186 725 2220 et
753 2186 880 2220 ortus
906 2186 949 2221 et
971 2181 1233 2224 mutationis
1253 2185 1382 2227 causa
1403 2186 1475 2238 est,

95 2246 307 2309 posterius
330 2250 414 2290 esse
436 2254 589 2289 natum
612 2253 834 2304 putantes.
883 2246 1027 2289 immo
1046 2248 1197 2291 anima
1218 2259 1262 2295 et
1283 2266 1396 2310 quae
1417 2269 1475 2297 ex

96 2332 150 2360 ea
168 2313 531 2375 proficiscuntur,
570 2323 620 2356 ut
642 2314 754 2356 ratio
776 2321 818 2356 et
840 2315 994 2373 opinio
1016 2325 1061 2359 et
1084 2319 1157 2362 lex
1178 2325 1223 2362 et
1238 2334 1335 2373 ara,
1371 2320 1475 2364 illa-

96 2400 203 2430 rum
225 2383 547 2441 diupofitionem
573 2396 624 2425 ac
644 2381 943 2425 mutationem
964 2394 1123 2442 regunt
1145 2395 1190 2430 et
1207 2401 1291 2443 per
1308 2387 1352 2430 se
1370 2389 1473 2433 sunt

98 2456 208 2509 (892
219 2453 249 2503 ).
308 2448 446 2509 Quod
478 2458 531 2493 nt
554 2448 714 2493 clarius
735 2461 978 2509 appareat,
1019 2452 1241 2498 derorum
1263 2457 1472 2502 omnium

95 2520 224 2564 eausa
243 2524 288 2562 et
304 2516 476 2576 origine
493 2517 764 2562 Atheniensis
788 2521 971 2578 exponit
991 2536 1182 2578 eamque
1199 2524 1282 2566 effe
1303 2526 1471 2568 motio-

94 2603 199 2631 nem
236 2587 282 2629 se
316 2585 455 2644 ipsam
490 2596 749 2628 moventem
786 2587 999 2632 affirmat.
1064 2588 1227 2633 Omnia
1266 2591 1470 2637 videlicet

94 2670 211 2715 quae
236 2659 476 2698 moventur
502 2660 577 2695 aut
611 2654 821 2696 movendi
855 2656 1128 2714 principium
1159 2656 1206 2700 in
1236 2659 1279 2701 se
1300 2659 1469 2705 habent
